<record><leader>00000cas a22000007a 4500</leader><controlfield tag="001">16932698</controlfield><controlfield tag="008">871103d19191936ohudn ne      0    0eng d</controlfield><datafield ind1=" " ind2=" " tag="010"><subfield code="a">sn 87076809 </subfield></datafield><datafield ind1=" " ind2=" " tag="040"><subfield code="a">ONP</subfield><subfield code="b">eng</subfield><subfield code="c">ONP</subfield><subfield code="d">OCLCQ</subfield></datafield><datafield ind1=" " ind2=" " tag="042"><subfield code="a">msc</subfield></datafield><datafield ind1="0" ind2=" " tag="130"><subfield code="a">Van Wert times (Van Wert, Ohio : 1919)</subfield></datafield><datafield ind1="1" ind2="4" tag="245"><subfield code="a">The Van Wert times.</subfield></datafield><datafield ind1="3" ind2="0" tag="246"><subfield code="a">Van Wert morning times</subfield></datafield><datafield ind1=" " ind2=" " tag="260"><subfield code="a">Van Wert, Ohio :</subfield><subfield code="b">Times Print. Co.,</subfield><subfield code="c">1919-1936.</subfield></datafield><datafield ind1=" " ind2=" " tag="300"><subfield code="a">v.</subfield></datafield><datafield ind1=" " ind2=" " tag="310"><subfield code="a">Daily (except Sun.)</subfield></datafield><datafield ind1="0" ind2=" " tag="362"><subfield code="a">Vol. 15, no. 135 (Jan. 2, 1919)-v. 32, no. 251 (May 16, 1936).</subfield></datafield><datafield ind1=" " ind2=" " tag="500"><subfield code="a">Published as: Van Wert morning times, Jan. 4, 15, 28, 1919; Feb. 18, 26, 1919; Mar. 1-2, 6-9, 11, 13-16, 19-20, 22-23, 30-Dec. 30, 1919.</subfield></datafield><datafield ind1=" " ind2="4" tag="651"><subfield code="a">Van Wert (Ohio)</subfield><subfield code="v">Newspapers.</subfield></datafield><datafield ind1=" " ind2="4" tag="651"><subfield code="a">Van Wert County (Ohio)</subfield><subfield code="v">Newspapers.</subfield></datafield><datafield ind1=" " ind2=" " tag="752"><subfield code="a">United States</subfield><subfield code="b">Ohio</subfield><subfield code="c">Van Wert</subfield><subfield code="d">Van Wert.</subfield></datafield><datafield ind1="0" ind2="0" tag="780"><subfield code="t">Van Wert morning times</subfield><subfield code="w">(DLC)sn 87076807</subfield></datafield><datafield ind1="0" ind2="7" tag="785"><subfield code="t">Van Wert daily bulletin</subfield><subfield code="w">(DLC)sn 87076808</subfield></datafield><datafield ind1="0" ind2="7" tag="785"><subfield code="t">Van Wert times-bulletin</subfield><subfield code="w">(DLC)sn 87076810</subfield></datafield><datafield ind1="1" ind2=" " tag="029"><subfield code="a">AU@</subfield><subfield code="b">000025801847</subfield></datafield></record>